@article{force-directed,
  author    = {Stephen G. Kobourov},
  title     = {Spring Embedders and Force Directed Graph Drawing Algorithms},
  journal   = {CoRR},
  volume    = {abs/1201.3011},
  year      = {2012},
  url       = {http://arxiv.org/abs/1201.3011},
  timestamp = {Wed, 10 Oct 2012 21:28:47 +0200},
  biburl    = {http://dblp.uni-trier.de/rec/bib/journals/corr/abs-1201-3011},
  bibsource = {dblp computer science bibliography, http://dblp.org}
}

@article {fruchterman,
author = {Fruchterman, Thomas M. J. and Reingold, Edward M.},
title = {Graph drawing by force-directed placement},
journal = {Software: Practice and Experience},
volume = {21},
number = {11},
publisher = {John Wiley & Sons, Ltd.},
issn = {1097-024X},
url = {http://dx.doi.org/10.1002/spe.4380211102},
doi = {10.1002/spe.4380211102},
pages = {1129--1164},
keywords = {Graph drawing, Force-directed placement, Multi-level techniques, Simulated annealing},
year = {1991},
}
